
@article{oliveira2017framework,
  title={A framework for provenance analysis and visualization},
  author={Oliveira, Weiner and Ambr{\'o}sio, Lenitta M and Braga, Regina and Str{\"o}ele, Victor and David, Jos{\'e} Maria and Campos, Fernanda},
  journal={Procedia Computer Science},
  volume={108},
  pages={1592--1601},
  year={2017},
  publisher={Elsevier}
}

@article{sacha2017somflow,
  title={Somflow: Guided exploratory cluster analysis with self-organizing maps and analytic provenance},
  author={Sacha, Dominik and Kraus, Matthias and Bernard, J{\"u}rgen and Behrisch, Michael and Schreck, Tobias and Asano, Yuki and Keim, Daniel A},
  journal={IEEE transactions on visualization and computer graphics},
  volume={24},
  number={1},
  pages={120--130},
  year={2017},
  publisher={IEEE}
}

@article{oinn2004taverna,
  title={Taverna: a tool for the composition and enactment of bioinformatics workflows},
  author={Oinn, Tom and Addis, Matthew and Ferris, Justin and Marvin, Darren and Senger, Martin and Greenwood, Mark and Carver, Tim and Glover, Kevin and Pocock, Matthew R and Wipat, Anil and others},
  journal={Bioinformatics},
  volume={20},
  number={17},
  pages={3045--3054},
  year={2004},
  publisher={Oxford University Press}
}

@article{prabhune2018p,
  title={P-PIF: a ProvONE provenance interoperability framework for analyzing heterogeneous workflow specifications and provenance traces},
  author={Prabhune, Ajinkya and Zweig, Aaron and Stotzka, Rainer and Hesser, J{\"u}rgen and Gertz, Michael},
  journal={Distributed and Parallel Databases},
  volume={36},
  number={1},
  pages={219--264},
  year={2018},
  publisher={Springer}
}

@article{kim2008provenance,
  title={Provenance trails in the wings/pegasus system},
  author={Kim, Jihie and Deelman, Ewa and Gil, Yolanda and Mehta, Gaurang and Ratnakar, Varun},
  journal={Concurrency and Computation: Practice and Experience},
  volume={20},
  number={5},
  pages={587--597},
  year={2008},
  publisher={Wiley Online Library}
}

@article{goecks2010galaxy,
  title={Galaxy: a comprehensive approach for supporting accessible, reproducible, and transparent computational research in the life sciences},
  author={Goecks, Jeremy and Nekrutenko, Anton and Taylor, James},
  journal={Genome biology},
  volume={11},
  number={8},
  pages={R86},
  year={2010},
  publisher={BioMed Central}
}
@article{herschel2017survey,
  title={A survey on provenance: What for? What form? What from?},
  author={Herschel, Melanie and Diestelk{\"a}mper, Ralf and Ben Lahmar, Houssem},
  journal={The VLDB Journal—The International Journal on Very Large Data Bases},
  volume={26},
  number={6},
  pages={881--906},
  year={2017},
  publisher={Springer-Verlag New York, Inc.}
}

@article{barga2010provenance,
  title={Provenance for Scientific Workflows Towards Reproducible Research.},
  author={Barga, Roger S and Simmhan, Yogesh L and Chinthaka, Eran and Sahoo, Satya Sanket and Jackson, Jared and Araujo, Nelson},
  journal={IEEE Data Eng. Bull.},
  volume={33},
  number={3},
  pages={50--58},
  year={2010}
}

@article{belhajjame2015using,
  title={Using a suite of ontologies for preserving workflow-centric research objects},
  author={Belhajjame, Khalid and Zhao, Jun and Garijo, Daniel and Gamble, Matthew and Hettne, Kristina and Palma, Raul and Mina, Eleni and Corcho, Oscar and G{\'o}mez-P{\'e}rez, Jos{\'e} Manuel and Bechhofer, Sean and others},
  journal={Journal of Web Semantics},
  volume={32},
  pages={16--42},
  year={2015},
  publisher={Elsevier}
}

@article{oliveira2018provenance,
  title={Provenance analytics for workflow-based computational experiments: A survey},
  author={Oliveira, Wellington and Oliveira, Daniel De and Braganholo, Vanessa},
  journal={ACM Computing Surveys (CSUR)},
  volume={51},
  number={3},
  pages={53},
  year={2018},
  publisher={ACM}
}

@inproceedings{Garijo:2011:NAP:2110497.2110504,
 author = {Garijo, Daniel and Gil, Yolanda},
 title = {A New Approach for Publishing Workflows: Abstractions, Standards, and Linked Data},
 booktitle = {Proceedings of the 6th Workshop on Workflows in Support of Large-scale Science},
 series = {WORKS '11},
 year = {2011},
 isbn = {978-1-4503-1100-7},
 location = {Seattle, Washington, USA},
 pages = {47--56},
 numpages = {10},
 url = {http://doi.acm.org/10.1145/2110497.2110504},
 doi = {10.1145/2110497.2110504},
 acmid = {2110504},
 publisher = {ACM}
} 

@inproceedings{anila_prov_2020,
 author = {Butt, Anila Sahr and Car, Nicholas and Fitch, Peter},
 title = {Towards Ontology Driven Provenance in Scientific Workflow Engine},
 booktitle = {Proceedings of the 8th International Conference on Model-Driven Engineering and Software Development},
 series = {MODELSWARD 2020},
 year = {2020},
 month = {February},
 location = {Valletta , Malta},
 pages = {105--115},
} 

@inproceedings{kradolfer1999dynamic,
  title={Dynamic workflow schema evolution based on workflow type versioning and workflow migration},
  author={Kradolfer, Markus and Geppert, Andreas},
  booktitle={Proceedings Fourth IFCIS International Conference on Cooperative Information Systems. CoopIS 99 (Cat. No. PR00384)},
  pages={104--114},
  year={1999},
  organization={IEEE}
}

@misc{noy2001ontology,
  title={Ontology development 101: A guide to creating your first ontology},
  author={Noy, Natalya F and McGuinness, Deborah L and others},
  year={2001},
  publisher={Stanford knowledge systems laboratory technical report KSL-01-05 and~…}
}

@article{studer1998knowledge,
  title={Knowledge engineering: principles and methods},
  author={Studer, Rudi and Benjamins, V Richard and Fensel, Dieter},
  journal={Data knowledge engineering},
  volume={25},
  number={1-2},
  pages={161--197},
  year={1998},
  publisher={Elsevier}
}

@inproceedings{auer2006rapidowl,
  title={RapidOWL—An agile knowledge engineering methodology},
  author={Auer, S{\"o}ren and Herre, Heinrich},
  booktitle={International Andrei Ershov Memorial Conference on Perspectives of System Informatics},
  pages={424--430},
  year={2006},
  organization={Springer}
}

@inproceedings{gomez1996towards,
  title={Towards a method to conceptualize domain ontologies},
  author={G{\'o}mez-P{\'e}rez, Ascuncion and Fern{\'a}ndez, Mariano and De Vicente, A},
  booktitle={ECAI96 Workshop on Ontological Engineering, Budapest},
  pages={41--51},
  year={1996}
}

@inproceedings{de2014sabio,
  title={SABiO: Systematic Approach for Building Ontologies.},
  author={de Almeida Falbo, Ricardo},
  booktitle={ONTO. COM/ODISE@ FOIS},
  year={2014}
}

@inproceedings{de1998systematic,
  title={A systematic approach for building ontologies},
  author={de Almeida Falbo, Ricardo and de Menezes, Cr{\'e}dine Silva and da Rocha, Ana Regina C},
  booktitle={Ibero-American Conference on Artificial Intelligence},
  pages={349--360},
  year={1998},
  organization={Springer}
}
@misc{moreau2013PROV,
  author = {Moreau and Missier},
  title = {{World Wide Web Consortium "PROV-DM: The PROV Data Model" W3C Recommendation }},
  howpublished = "\url{https://www.w3.org/TR/prov-dm/}",
  year = {2013},
  note = "[Online; accessed 26-August-2019]"
}
@inproceedings{carvalho2018semantic,
  title={Semantic Software Metadata for Workflow Exploration and Evolution},
  author={Carvalho, Lucas Augusto MC and Garijo, Daniel and Medeiros, Claudia Bauzer and Gil, Yolanda},
  booktitle={2018 IEEE 14th International Conference on e-Science (e-Science)},
  pages={431--441},
  year={2018},
  organization={IEEE}
}

@inproceedings{withana2010versioning,
  title={Versioning for workflow evolution},
  author={Withana, Eran Chinthaka and Plale, Beth and Barga, Roger and Araujo, Nelson},
  booktitle={Proceedings of the 19th ACM International Symposium on High Performance Distributed Computing},
  pages={756--765},
  year={2010},
  organization={ACM}
}

@inproceedings{lins2008examining,
  title={Examining statistics of workflow evolution provenance: A first study},
  author={Lins, Lauro and Koop, David and Anderson, Erik W and Callahan, Steven P and Santos, Emanuele and Scheidegger, Carlos E and Freire, Juliana and Silva, Cl{\'a}udio T},
  booktitle={International Conference on Scientific and Statistical Database Management},
  pages={573--579},
  year={2008},
  organization={Springer}
}

@inproceedings{freire2006managing,
  title={Managing rapidly-evolving scientific workflows},
  author={Freire, Juliana and Silva, Cl{\'a}udio T and Callahan, Steven P and Santos, Emanuele and Scheidegger, Carlos E and Vo, Huy T},
  booktitle={International Provenance and Annotation Workshop},
  pages={10--18},
  year={2006},
  organization={Springer}
}
@inproceedings{koop2010provenance,
  title={The provenance of workflow upgrades},
  author={Koop, David and Scheidegger, Carlos E and Freire, Juliana and Silva, Cl{\'a}udio T},
  booktitle={International Provenance and Annotation Workshop},
  pages={2--16},
  year={2010},
  organization={Springer}
}

@inproceedings{altintas2006provenance,
  title={Provenance collection support in the kepler scientific workflow system},
  author={Altintas, Ilkay and Barney, Oscar and Jaeger-Frank, Efrat},
  booktitle={International Provenance and Annotation Workshop},
  pages={118--132},
  year={2006},
  organization={Springer}
}

@inproceedings{majithia2004triana,
  title={Triana: A graphical web service composition and execution toolkit},
  author={Majithia, Shalil and Shields, Matthew and Taylor, Ian and Wang, Ian},
  booktitle={Proceedings. IEEE International Conference on Web Services, 2004.},
  pages={514--521},
  year={2004},
  organization={IEEE}
}

@article{roddick1995survey,
  title={A survey of schema versioning issues for database systems},
  author={Roddick, John F},
  journal={Information and Software Technology},
  volume={37},
  number={7},
  pages={383--393},
  year={1995},
  publisher={Elsevier}
}

@inproceedings{cao2016dataone,
  title={DataONE: a data federation with provenance support},
  author={Cao, Yang and Jones, Christopher and Cuevas-Vicentt{\'\i}n, V{\'\i}ctor and Jones, Matthew B and Lud{\"a}scher, Bertram and McPhillips, Timothy and Missier, Paolo and Schwalm, Christopher and Slaughter, Peter and Vieglais, Dave and others},
  booktitle={International Provenance and Annotation Workshop},
  pages={230--234},
  year={2016},
  organization={Springer}
}

@article{bolger2016workspace,
  title={Workspace: a fast and low cost methodology for delivering commercial applications based on Research IP},
  author={Bolger, M and Cleary, PW and Cohen, R and Harrison, SM and Hetherton, L and Rucinski, C and Sankaranarayanan, N and Thomas, D and Watkins, D and Zhang, Z},
  journal={Proc. eResearch Australasia},
  year={2016}
}
@inproceedings{cleary2015using,
  title={Using Workspace to automate workflow processes for modelling and simulation in engineering. In ‘MODSIM2015},
  author={Cleary, PW and Thomas, D and Bolger, M and Hetherton, L and Rucinski, C and Watkins, D},
  booktitle={21st International Congress on Modelling and Simulation’, Broadbeach, Queensland, Australia},
  pages={669--675},
  year={2015}
}

@inproceedings{stitz2016avocado,
  title={Avocado: Visualization of workflow--derived data provenance for reproducible biomedical research},
  author={Stitz, Holger and Luger, Stefan and Streit, Marc and Gehlenborg, Nils},
  booktitle={Computer Graphics Forum},
  volume={35},
  number={3},
  pages={481--490},
  year={2016},
  organization={Wiley Online Library}
}

@misc{cuevas2016provone,
  title={ProvONE: A PROV Extension Data Model for Scientific Workflow Provenance (2015)},
  author={Cuevas-Vicentt{\'\i}n, V and Lud{\"a}scher, B and Missier, P and Belhajjame, K and Chirigati, F and Wei, Y and Dey, S and Kianmajd, P and Koop, D and Bowers, S and others},
  howpublished = "\url{https://purl.dataone.org/provone-v1-dev}",
  year = {2016},
  note = "[Online; accessed 16-May-2019]"
}

@article{de2009design,
  title={The design and realisation of the Experimentmy Virtual Research Environment for social sharing of workflows},
  author={De Roure, David and Goble, Carole and Stevens, Robert},
  journal={Future Generation Computer Systems},
  volume={25},
  number={5},
  pages={561--567},
  year={2009},
  publisher={Elsevier}
}

@article{hull2006taverna,
  title={Taverna: a tool for building and running workflows of services},
  author={Hull, Duncan and Wolstencroft, Katy and Stevens, Robert and Goble, Carole and Pocock, Mathew R and Li, Peter and Oinn, Tom},
  journal={Nucleic acids research},
  volume={34},
  number={suppl\_2},
  pages={W729--W732},
  year={2006},
  publisher={Oxford University Press}
}

@article{deelman2009workflows,
  title={Workflows and e-Science: An overview of workflow system features and capabilities},
  author={Deelman, Ewa and Gannon, Dennis and Shields, Matthew and Taylor, Ian},
  journal={Future generation computer systems},
  volume={25},
  number={5},
  pages={528--540},
  year={2009},
  publisher={Elsevier}
}

@inproceedings{altintas2004kepler,
  title={Kepler: an extensible system for design and execution of scientific workflows},
  author={Altintas, Ilkay and Berkley, Chad and Jaeger, Efrat and Jones, Matthew and Ludascher, Bertram and Mock, Steve},
  booktitle={Proceedings. 16th International Conference on Scientific and Statistical Database Management, 2004.},
  pages={423--424},
  year={2004},
  organization={IEEE}
}

@INPROCEEDINGS{5175816,
author={A. {Haller} and M. {Marmolowski} and W. {Gaaloul} and E. {Oren} and B. {Sapkota} and M. {Hauswirth}},
booktitle={2009 IEEE International Conference on Web Services},
title={From Workflow Models to Executable Web Service Interfaces},
year={2009},
volume={},
number={},
pages={131-140},
doi={10.1109/ICWS.2009.51},
ISSN={},
month={July},}

@article{van2005yawl,
  title={YAWL: yet another workflow language},
  author={Van Der Aalst, Wil MP and Ter Hofstede, Arthur HM},
  journal={Information systems},
  volume={30},
  number={4},
  pages={245--275},
  year={2005},
  publisher={Elsevier}
}

@incollection{taylor2007triana,
  title={The triana workflow environment: Architecture and applications},
  author={Taylor, Ian and Shields, Matthew and Wang, Ian and Harrison, Andrew},
  booktitle={Workflows for e-Science},
  pages={320--339},
  year={2007},
  publisher={Springer}
}

@article{cohen2017scientific,
  title={Scientific workflows for computational reproducibility in the life sciences: Status, challenges and opportunities},
  author={Cohen-Boulakia, Sarah and Belhajjame, Khalid and Collin, Olivier and Chopard, J{\'e}r{\^o}me and Froidevaux, Christine and Gaignard, Alban and Hinsen, Konrad and Larmande, Pierre and Le Bras, Yvan and Lemoine, Fr{\'e}d{\'e}ric and others},
  journal={Future Generation Computer Systems},
  volume={75},
  pages={284--298},
  year={2017},
  publisher={Elsevier}
}

@article{deelman2018future,
  title={The future of scientific workflows},
  author={Deelman, Ewa and Peterka, Tom and Altintas, Ilkay and Carothers, Christopher D and van Dam, Kerstin Kleese and Moreland, Kenneth and Parashar, Manish and Ramakrishnan, Lavanya and Taufer, Michela and Vetter, Jeffrey},
  journal={The International Journal of High Performance Computing Applications},
  volume={32},
  number={1},
  pages={159--175},
  year={2018},
  publisher={SAGE Publications Sage UK: London, England}
}
